<record><leader>00000cas a22000007a 4500</leader><controlfield tag="001">17927902</controlfield><controlfield tag="008">880509d18981901iauwr ne      0    0eng d</controlfield><datafield ind1=" " ind2=" " tag="010"><subfield code="a">sn 88059572 </subfield></datafield><datafield ind1=" " ind2=" " tag="040"><subfield code="a">INP</subfield><subfield code="b">eng</subfield><subfield code="c">INP</subfield><subfield code="d">OCLCQ</subfield></datafield><datafield ind1=" " ind2=" " tag="042"><subfield code="a">msc</subfield></datafield><datafield ind1="0" ind2=" " tag="130"><subfield code="a">Pella advertiser (Pella, Iowa : 1898)</subfield></datafield><datafield ind1="1" ind2="4" tag="245"><subfield code="a">The Pella advertiser.</subfield></datafield><datafield ind1="3" ind2="0" tag="246"><subfield code="a">Advertiser</subfield></datafield><datafield ind1="1" ind2="3" tag="246"><subfield code="a">Saturday advertiser</subfield></datafield><datafield ind1=" " ind2=" " tag="260"><subfield code="a">Pella, Iowa :</subfield><subfield code="b">G.A. Stout,</subfield><subfield code="c">1898-</subfield></datafield><datafield ind1=" " ind2=" " tag="300"><subfield code="a">v.</subfield></datafield><datafield ind1=" " ind2=" " tag="310"><subfield code="a">Weekly</subfield></datafield><datafield ind1="0" ind2=" " tag="362"><subfield code="a">Vol. 5, no. 7 (Mar. 11, 1898)-</subfield></datafield><datafield ind1="1" ind2=" " tag="362"><subfield code="a">Ceased in 1901?</subfield></datafield><datafield ind1=" " ind2=" " tag="500"><subfield code="a">Published as: The advertiser, &lt;May 28-Aug. 19, 1898&gt;.</subfield></datafield><datafield ind1=" " ind2=" " tag="500"><subfield code="a">Publisher varies.</subfield></datafield><datafield ind1=" " ind2=" " tag="752"><subfield code="a">United States</subfield><subfield code="b">Iowa</subfield><subfield code="c">Marion</subfield><subfield code="d">Pella.</subfield></datafield><datafield ind1="0" ind2="0" tag="780"><subfield code="t">Saturday advertiser</subfield><subfield code="w">(DLC)sn 88059571</subfield></datafield></record>